@inbook{sipser2012ChurchTuring,
  title = {Introduction to the Theory of Computation},
  author = {Sipser, Michael},
  chapter = {Church-Turing Thesis},
  year = {2012},
  publisher = {Cengage Learning}
}

@inbook{sipser2012PDA,
  title = {Introduction to the Theory of Computation},
  author = {Sipser, Michael},
  chapter = {Context-Free Languages, Pushdown Automata},
  year = {2012},
  publisher = {Cengage Learning}
}

@misc{brainfuckWiki,
  title = {Wikipedia - Brainfuck},
  howpublished = {\url{https://en.wikipedia.org/wiki/Brainfuck}},
  note = {Topic originally introduced by Urban MÃ¼ller in 1993},
}

@book{minsky_67,
  address = {Englewood Cliffs, N. J.},
  author = {Minsky, Marvin L.},
  publisher = {Prentice-Hall},
  series = {Prentice-Hall Series in Automatic Computation},
  title = {Computation: Finite and Infinite Machines},
  year = {1967}
}
